<?xml version="1.0" encoding="UTF-8"?><collection xmlns="http://www.loc.gov/MARC21/slim"><record><leader>00716nam--2200241-u-4500</leader><controlfield tag="001">000050317</controlfield><controlfield tag="002">20161230</controlfield><controlfield tag="003">81357</controlfield><controlfield tag="005">20161230201048</controlfield><controlfield tag="008">060530s1000------------r-----000-0-eng-d</controlfield><datafield ind1=" " ind2=" " tag="020"><subfield code="a">0521597269</subfield></datafield><datafield ind1=" " ind2=" " tag="040"><subfield code="a">IFIN-HH</subfield></datafield><datafield ind1=" " ind2=" " tag="080"><subfield code="a">539.2</subfield></datafield><datafield ind1="1" ind2=" " tag="100"><subfield code="a">Dressel, Martin</subfield></datafield><datafield ind1="1" ind2="0" tag="245"><subfield code="a">Electrodynamics of Solids</subfield><subfield code="b">Optical Properties of Electrons in Matter</subfield><subfield code="c">Martin Dressel; George Gruner</subfield></datafield><datafield ind1=" " ind2=" " tag="260"><subfield code="a">Cambridge</subfield><subfield code="b">Cambridge University Press</subfield><subfield code="c">2002</subfield></datafield><datafield ind1=" " ind2=" " tag="300"><subfield code="a">xii, 474 p</subfield></datafield><datafield ind1=" " ind2=" " tag="504"><subfield code="a">Contine Referinte bibliografice si Index</subfield></datafield><datafield ind1=" " ind2="4" tag="650"><subfield code="a">Solids</subfield><subfield code="x">Optical properties</subfield></datafield><datafield ind1=" " ind2=" " tag="650"><subfield code="a">Solids</subfield><subfield code="x">Optical properties</subfield></datafield><datafield ind1="1" ind2=" " tag="700"><subfield code="a">Gruner, George</subfield></datafield><datafield ind1=" " ind2=" " tag="852"><subfield code="a">81357</subfield><subfield code="c">539.2</subfield></datafield><datafield ind1=" " ind2=" " tag="CAT"><subfield code="a">Sys</subfield><subfield code="c">20110112</subfield><subfield code="h">161255</subfield></datafield></record></collection>